<?xml version="1.0" encoding="UTF-8" ?><marc:collection xmlns:marc="http://www.loc.gov/MARC21/slim" xmlns:xsi="http://www.w3.org/2001/XMLSchema-instance" xsi:schemaLocation="http://www.loc.gov/MARC21/slim http://www.loc.gov/standards/marcxml/schema/MARC21slim.xsd">
<marc:record><marc:leader>02131cam a2200421Ii 4500</marc:leader>
<marc:controlfield tag="001">b11915195</marc:controlfield>
<marc:controlfield tag="003">UaCaAUL</marc:controlfield><marc:controlfield tag="005">20171116094728.0</marc:controlfield><marc:controlfield tag="008">000214r19uu1893le            000 0 ara d</marc:controlfield><marc:datafield tag="035" ind1=" " ind2=" "><marc:subfield code="a">(OCoLC)122838643</marc:subfield></marc:datafield><marc:datafield tag="040" ind1=" " ind2=" "><marc:subfield code="a">MEAUC</marc:subfield><marc:subfield code="b">eng</marc:subfield><marc:subfield code="e">rda</marc:subfield><marc:subfield code="c">MEAUC</marc:subfield><marc:subfield code="d">OCLCQ</marc:subfield><marc:subfield code="d">OCLCG</marc:subfield><marc:subfield code="d">OCLCA</marc:subfield><marc:subfield code="d">OCLCF</marc:subfield><marc:subfield code="d">OCLCO</marc:subfield><marc:subfield code="d">OCLCQ</marc:subfield><marc:subfield code="d">OCLCO</marc:subfield><marc:subfield code="d">OCLCQ</marc:subfield><marc:subfield code="d">MEAUC</marc:subfield></marc:datafield><marc:datafield tag="043" ind1=" " ind2=" "><marc:subfield code="a">f-ua---</marc:subfield></marc:datafield><marc:datafield tag="049" ind1=" " ind2=" "><marc:subfield code="a">MAIN</marc:subfield></marc:datafield><marc:datafield tag="066" ind1=" " ind2=" "><marc:subfield code="c">(3</marc:subfield></marc:datafield><marc:datafield tag="090" ind1=" " ind2=" "><marc:subfield code="a">DT51</marc:subfield><marc:subfield code="b">.I2 1893a</marc:subfield></marc:datafield><marc:datafield tag="100" ind1="1" ind2=" "><marc:subfield code="6">880-01</marc:subfield><marc:subfield code="a">Ibn Duqmāq, Ibrāhīm ibn Muḥammad,</marc:subfield><marc:subfield code="d">-1407,</marc:subfield><marc:subfield code="e">author.</marc:subfield></marc:datafield><marc:datafield tag="245" ind1="1" ind2="0"><marc:subfield code="6">880-02</marc:subfield><marc:subfield code="a">Intiṣār li-wāsiṭat ʻiqd al-amṣār.</marc:subfield></marc:datafield><marc:datafield tag="245" ind1="1" ind2="0"><marc:subfield code="6">880-03</marc:subfield><marc:subfield code="a">Kitāb al-intiṣār li-wāsiṭat ʻiqd al-amṣār /</marc:subfield><marc:subfield code="c">taʼlīf Ibrāhīm ibn Muḥammad ibn Aydmar al-ʻAlāʼī al-shahīr bi-Ibn Duqmāq =</marc:subfield><marc:subfield code="b">Description de l'Égypte / par Ibn Doukmak.</marc:subfield></marc:datafield><marc:datafield tag="246" ind1="1" ind2="1"><marc:subfield code="a">Description de l'Égypte.</marc:subfield></marc:datafield><marc:datafield tag="246" ind1="3" ind2=" "><marc:subfield code="6">880-04</marc:subfield><marc:subfield code="a">Intiṣār li-wāsiṭat ʻiqd al-amṣār.</marc:subfield></marc:datafield><marc:datafield tag="264" ind1=" " ind2="1"><marc:subfield code="6">880-05</marc:subfield><marc:subfield code="a">Bayrūt :</marc:subfield><marc:subfield code="b">Markaz al-Mawsūʻāt al-ʻĀlamīyah,</marc:subfield><marc:subfield code="c">1893 [Reprint 19--?]</marc:subfield></marc:datafield><marc:datafield tag="300" ind1=" " ind2=" "><marc:subfield code="a">2 volumes in one (136, 127), 7 pages ;</marc:subfield><marc:subfield code="c">24 cm.</marc:subfield></marc:datafield><marc:datafield tag="336" ind1=" " ind2=" "><marc:subfield code="a">text</marc:subfield><marc:subfield code="b">txt</marc:subfield><marc:subfield code="2">rdacontent.</marc:subfield></marc:datafield><marc:datafield tag="337" ind1=" " ind2=" "><marc:subfield code="a">unmediated</marc:subfield><marc:subfield code="b">n</marc:subfield><marc:subfield code="2">rdamedia.</marc:subfield></marc:datafield><marc:datafield tag="338" ind1=" " ind2=" "><marc:subfield code="a">volume</marc:subfield><marc:subfield code="b">nc</marc:subfield><marc:subfield code="2">rdacarrier.</marc:subfield></marc:datafield><marc:datafield tag="500" ind1=" " ind2=" "><marc:subfield code="a">French preface dated: 1893.</marc:subfield></marc:datafield><marc:datafield tag="546" ind1=" " ind2=" "><marc:subfield code="a">Preface in French.</marc:subfield></marc:datafield><marc:datafield tag="651" ind1=" " ind2="0"><marc:subfield code="a">Egypt</marc:subfield><marc:subfield code="x">Description and travel</marc:subfield><marc:subfield code="v">Early works to 1800.</marc:subfield></marc:datafield><marc:datafield tag="651" ind1=" " ind2="0"><marc:subfield code="a">Cairo (Egypt)</marc:subfield><marc:subfield code="x">Description and travel</marc:subfield><marc:subfield code="v">Early works to 1800.</marc:subfield></marc:datafield><marc:datafield tag="880" ind1="1" ind2="0"><marc:subfield code="6">245-02/(3/r</marc:subfield><marc:subfield code="a">كتاب الانتصار لواسطة عقد الأمصار /‪</marc:subfield><marc:subfield code="c">تأليف إبراهيم بن محمد بن أيدمر العلائي الشهير بابن دقماق =‪</marc:subfield><marc:subfield code="b">Description de l'Égypte par Ibn Doukmak.</marc:subfield></marc:datafield><marc:datafield tag="880" ind1="1" ind2=" "><marc:subfield code="6">100-01/(3/r</marc:subfield><marc:subfield code="a">ابن دقماق، إبراهيم بن محمد،‪</marc:subfield><marc:subfield code="d">-1407.</marc:subfield></marc:datafield><marc:datafield tag="880" ind1="1" ind2="0"><marc:subfield code="6">240-03/(3/r</marc:subfield><marc:subfield code="a">انتصار لواسطة عقد الأمصار.</marc:subfield></marc:datafield><marc:datafield tag="880" ind1="3" ind2=" "><marc:subfield code="6">246-04/(3/r</marc:subfield><marc:subfield code="a">انتصار لواسطة عقد الأمصار.</marc:subfield></marc:datafield><marc:datafield tag="880" ind1=" " ind2="1"><marc:subfield code="6">264-05/(3/r</marc:subfield><marc:subfield code="a">بيروت :‪</marc:subfield><marc:subfield code="b">مركز الموسوعات العالمية،‪</marc:subfield><marc:subfield code="c">1893 [Reprint 19--?]</marc:subfield></marc:datafield><marc:datafield tag="907" ind1=" " ind2=" "><marc:subfield code="a">.b11915195</marc:subfield><marc:subfield code="b">main </marc:subfield></marc:datafield><marc:datafield tag="902" ind1=" " ind2=" "><marc:subfield code="a">180402</marc:subfield></marc:datafield><marc:datafield tag="998" ind1=" " ind2=" "><marc:subfield code="b">1</marc:subfield><marc:subfield code="c">000221</marc:subfield><marc:subfield code="d">m</marc:subfield><marc:subfield code="e">a</marc:subfield><marc:subfield code="f">-</marc:subfield><marc:subfield code="g">0</marc:subfield><marc:subfield code="k">MAH</marc:subfield></marc:datafield><marc:datafield tag="945" ind1=" " ind2=" "><marc:subfield code="l">main </marc:subfield><marc:subfield code="u">v.v.1-2</marc:subfield></marc:datafield></marc:record>
</marc:collection>
